<record><leader>00000cas a22000007a 4500</leader><controlfield tag="001">11045690</controlfield><controlfield tag="008">840811d18851891ohudr ne      0    0eng d</controlfield><datafield ind1=" " ind2=" " tag="010"><subfield code="a">sn 84028463 </subfield></datafield><datafield ind1=" " ind2=" " tag="040"><subfield code="a">NPY</subfield><subfield code="b">eng</subfield><subfield code="c">NPY</subfield><subfield code="d">DLC</subfield><subfield code="d">ONP</subfield><subfield code="d">NPH</subfield><subfield code="d">ONP</subfield><subfield code="d">OCLCQ</subfield></datafield><datafield ind1=" " ind2=" " tag="042"><subfield code="a">msc</subfield></datafield><datafield ind1="0" ind2="0" tag="245"><subfield code="a">Youngstown evening telegram.</subfield></datafield><datafield ind1="3" ind2="0" tag="246"><subfield code="a">Youngstown Sunday telegram</subfield></datafield><datafield ind1="1" ind2="3" tag="246"><subfield code="a">Daily telegram</subfield></datafield><datafield ind1=" " ind2=" " tag="260"><subfield code="a">Youngstown, Ohio :</subfield><subfield code="b">Youngstown Print. Co.,</subfield><subfield code="c">-1891.</subfield></datafield><datafield ind1=" " ind2=" " tag="300"><subfield code="a">v.</subfield></datafield><datafield ind1=" " ind2=" " tag="310"><subfield code="a">Daily</subfield></datafield><datafield ind1="1" ind2=" " tag="362"><subfield code="a">Began with Dec. 1, 1885 issue.</subfield><subfield code="z">Cf. NIM, 1948-1972.</subfield></datafield><datafield ind1="0" ind2=" " tag="362"><subfield code="a">-v. 6, whole no. 1938 (Apr. 11, 1891).</subfield></datafield><datafield ind1=" " ind2=" " tag="500"><subfield code="a">"Republican." Cf. Gutgesell, S. Guide to Ohio newspapers, 1974.</subfield></datafield><datafield ind1=" " ind2=" " tag="500"><subfield code="a">On Sundays published as: Youngstown Sunday telegram.</subfield></datafield><datafield ind1=" " ind2=" " tag="580"><subfield code="a">Weekly eds.: Youngstown weekly telegram (Youngstown, Ohio : 1885), 1885-1891, and: Weekly telegram (Youngstown, Ohio : 1891), 1891-1892.</subfield></datafield><datafield ind1=" " ind2=" " tag="588"><subfield code="a">Description based on: Vol. 1, no. 4 (Dec. 4, 1885).</subfield></datafield><datafield ind1=" " ind2=" " tag="752"><subfield code="a">United States</subfield><subfield code="b">Ohio</subfield><subfield code="c">Mahoning</subfield><subfield code="d">Youngstown.</subfield></datafield><datafield ind1="1" ind2=" " tag="775"><subfield code="t">Youngstown weekly telegram (Youngstown, Ohio : 1891)</subfield><subfield code="w">(DLC)sn 86071081</subfield></datafield><datafield ind1="1" ind2=" " tag="775"><subfield code="t">Weekly telegram (Youngstown, Ohio : 1891)</subfield><subfield code="w">(DLC)sn 88078383</subfield></datafield><datafield ind1="0" ind2="0" tag="780"><subfield code="t">Youngstown news-register</subfield><subfield code="w">(DLC)sn 84028462</subfield></datafield><datafield ind1="0" ind2="0" tag="785"><subfield code="t">Daily telegram (Youngstown, Ohio)</subfield><subfield code="w">(DLC)sn 91074616</subfield></datafield></record>